%==================================================================================================
% LUKE PHD THESIS BIBTEX FILE
% ---------------------------
% Sorted chronologically
%==================================================================================================

